[gd_scene load_steps=8 format=2]

[ext_resource path="res://assets/backgrounds/BackgroundGeneric.png" type="Texture" id=1]
[ext_resource path="res://src/objects/ui/ButtonObject.tscn" type="PackedScene" id=2]

[sub_resource type="DynamicFontData" id=1]
font_path = "res://assets/fonts/ButtonTextFont.ttf"

[sub_resource type="DynamicFont" id=2]
size = 50
font_data = SubResource( 1 )

[sub_resource type="DynamicFont" id=3]
size = 40
font_data = SubResource( 1 )

[sub_resource type="DynamicFont" id=4]
size = 40
font_data = SubResource( 1 )

[sub_resource type="DynamicFont" id=5]
size = 40
font_data = SubResource( 1 )

[node name="LevelEndedUI" type="Control"]
anchor_right = 1.0
anchor_bottom = 1.0
__meta__ = {
"_edit_lock_": true,
"_edit_use_anchors_": false
}

[node name="Background" type="Sprite" parent="."]
position = Vector2( 480, 270 )
texture = ExtResource( 1 )
__meta__ = {
"_edit_lock_": true
}

[node name="Container" type="VBoxContainer" parent="."]
anchor_left = 0.5
anchor_top = 0.5
anchor_right = 0.5
anchor_bottom = 0.5
margin_left = -360.0
margin_top = -174.0
margin_right = 360.0
margin_bottom = 178.0
custom_constants/separation = 21
alignment = 2
__meta__ = {
"_edit_lock_": true,
"_edit_use_anchors_": false
}

[node name="ScrollContainer" type="ScrollContainer" parent="Container"]
margin_top = 31.0
margin_right = 720.0
margin_bottom = 296.0
rect_min_size = Vector2( 720, 265 )
follow_focus = true
scroll_horizontal_enabled = false
__meta__ = {
"_edit_lock_": true
}

[node name="StatsContainer" type="VBoxContainer" parent="Container/ScrollContainer"]
margin_right = 720.0
margin_bottom = 265.0
rect_min_size = Vector2( 720, 265 )
__meta__ = {
"_edit_lock_": true,
"_edit_use_anchors_": false
}

[node name="QuestionContainer" type="VBoxContainer" parent="Container/ScrollContainer/StatsContainer"]
margin_right = 720.0
margin_bottom = 56.0
custom_constants/separation = -7
__meta__ = {
"_edit_lock_": true
}

[node name="QuestionLabel" type="Label" parent="Container/ScrollContainer/StatsContainer/QuestionContainer"]
margin_right = 720.0
margin_bottom = 35.0
custom_fonts/font = SubResource( 2 )
custom_colors/font_color = Color( 0.6, 0.47451, 0.188235, 1 )
text = "Question"
align = 1
__meta__ = {
"_edit_use_anchors_": false
}

[node name="Queston" type="Label" parent="Container/ScrollContainer/StatsContainer/QuestionContainer"]
margin_top = 28.0
margin_right = 720.0
margin_bottom = 56.0
custom_fonts/font = SubResource( 3 )
custom_colors/font_color = Color( 0.862745, 0.862745, 0.862745, 1 )
align = 1
autowrap = true

[node name="AnswerContainer" type="VBoxContainer" parent="Container/ScrollContainer/StatsContainer"]
margin_top = 60.0
margin_right = 720.0
margin_bottom = 115.0
custom_constants/separation = -8
__meta__ = {
"_edit_lock_": true
}

[node name="AnswerLabel" type="Label" parent="Container/ScrollContainer/StatsContainer/AnswerContainer"]
margin_right = 720.0
margin_bottom = 35.0
custom_fonts/font = SubResource( 2 )
custom_colors/font_color = Color( 0.6, 0.47451, 0.188235, 1 )
text = "Answer"
align = 1

[node name="Answer" type="Label" parent="Container/ScrollContainer/StatsContainer/AnswerContainer"]
margin_top = 27.0
margin_right = 720.0
margin_bottom = 55.0
custom_fonts/font = SubResource( 3 )
custom_colors/font_color = Color( 0.862745, 0.862745, 0.862745, 1 )
align = 1
autowrap = true

[node name="StatisticContainer" type="VBoxContainer" parent="Container/ScrollContainer/StatsContainer"]
margin_top = 119.0
margin_right = 720.0
margin_bottom = 179.0
__meta__ = {
"_edit_lock_": true
}

[node name="TimeContainer" type="HBoxContainer" parent="Container/ScrollContainer/StatsContainer/StatisticContainer"]
margin_right = 720.0
margin_bottom = 28.0
custom_constants/separation = 18
alignment = 1

[node name="TimeLabel" type="Label" parent="Container/ScrollContainer/StatsContainer/StatisticContainer/TimeContainer"]
margin_left = 205.0
margin_right = 378.0
margin_bottom = 28.0
custom_fonts/font = SubResource( 4 )
custom_colors/font_color = Color( 0.6, 0.47451, 0.188235, 1 )
text = "Time taken:"
align = 1

[node name="Time" type="Label" parent="Container/ScrollContainer/StatsContainer/StatisticContainer/TimeContainer"]
margin_left = 396.0
margin_right = 515.0
margin_bottom = 28.0
custom_fonts/font = SubResource( 3 )
custom_colors/font_color = Color( 0.862745, 0.862745, 0.862745, 1 )
text = "00:00:01"
align = 1

[node name="StepContainer" type="HBoxContainer" parent="Container/ScrollContainer/StatsContainer/StatisticContainer"]
margin_top = 32.0
margin_right = 720.0
margin_bottom = 60.0
custom_constants/separation = 18
alignment = 1

[node name="StepLabel" type="Label" parent="Container/ScrollContainer/StatsContainer/StatisticContainer/StepContainer"]
margin_left = 240.0
margin_right = 431.0
margin_bottom = 28.0
custom_fonts/font = SubResource( 5 )
custom_colors/font_color = Color( 0.6, 0.47451, 0.188235, 1 )
text = "Steps taken:"
align = 1

[node name="Steps" type="Label" parent="Container/ScrollContainer/StatsContainer/StatisticContainer/StepContainer"]
margin_left = 449.0
margin_right = 480.0
margin_bottom = 28.0
custom_fonts/font = SubResource( 3 )
custom_colors/font_color = Color( 0.862745, 0.862745, 0.862745, 1 )
text = "12"
align = 1

[node name="ButtonsContainer" type="HBoxContainer" parent="Container"]
margin_top = 317.0
margin_right = 720.0
margin_bottom = 352.0
custom_constants/separation = 57
alignment = 1
__meta__ = {
"_edit_lock_": true
}

[node name="Restart" parent="Container/ButtonsContainer" instance=ExtResource( 2 )]
margin_left = 98.0
margin_right = 234.0
text = "Restart"
change_scene = false

[node name="MainMenu" parent="Container/ButtonsContainer" instance=ExtResource( 2 )]
margin_left = 291.0
margin_right = 482.0
text = "Main menu"
reference_path = "res://src/scenes/StartMenuUI.tscn"

[node name="NextLevel" parent="Container/ButtonsContainer" instance=ExtResource( 2 )]
margin_left = 539.0
margin_right = 621.0
text = "Next"
start_focused = true
change_scene = false
